<?xml version="1.0" encoding="UTF-8"?><record xmlns="http://www.loc.gov/MARC21/slim" xmlns:cinclude="http://apache.org/cocoon/include/1.0" xmlns:zs="http://www.loc.gov/zing/srw/">
  <leader>00454nz  a2200133n  4500</leader>
  <controlfield tag="001">no2006052184</controlfield>
  <controlfield tag="003">DLC</controlfield>
  <controlfield tag="005">20060520071109.0</controlfield>
  <controlfield tag="008">060519n| acannaabn          |n aaa     c</controlfield>
  <datafield tag="010" ind1=" " ind2=" ">
    <subfield code="a">no2006052184</subfield>
  </datafield>
  <datafield tag="035" ind1=" " ind2=" ">
    <subfield code="a">(OCoLC)oca06946012</subfield>
  </datafield>
  <datafield tag="040" ind1=" " ind2=" ">
    <subfield code="a">IEN</subfield>
    <subfield code="b">eng</subfield>
    <subfield code="c">IEN</subfield>
  </datafield>
  <datafield tag="100" ind1="1" ind2=" ">
    <subfield code="a">Tangkosakul, Lertvit</subfield>
  </datafield>
  <datafield tag="670" ind1=" " ind2=" ">
    <subfield code="a">Application of queuing models to ship turn-around at the Port of Bangkok, 1968:</subfield>
    <subfield code="b">t.p. (Lertvit Tangkosakul, Asian Institute of Technology, Bangkok, Thailand)</subfield>
  </datafield>
</record>